@article{Pan_2024,
   title={Local and nonlocal stochastic control of quantum chaos: Measurement- and control-induced criticality},
   volume={110},
   ISSN={2469-9969},
   url={http://dx.doi.org/10.1103/PhysRevB.110.054308},
   DOI={10.1103/physrevb.110.054308},
   number={5},
   journal={Physical Review B},
   publisher={American Physical Society (APS)},
   author={Pan, Haining and Ganeshan, Sriram and Iadecola, Thomas and Wilson, Justin H. and Pixley, J. H.},
   year={2024},
   month=aug } 